<?xml version="1.0" encoding="UTF-8"?><collection xmlns="http://www.loc.gov/MARC21/slim"><record><leader>00585nam--2200193-i-4500</leader><controlfield tag="001">000034116</controlfield><controlfield tag="002">20161230</controlfield><controlfield tag="005">20161230201039</controlfield><controlfield tag="008">060222s1000------------r-----000-0-rum-d</controlfield><datafield ind1=" " ind2=" " tag="040"><subfield code="a">IFIN-HH</subfield></datafield><datafield ind1=" " ind2=" " tag="041"><subfield code="a">rum</subfield></datafield><datafield ind1=" " ind2=" " tag="080"><subfield code="a">539.16(047.3)</subfield></datafield><datafield ind1="1" ind2=" " tag="100"><subfield code="a">Poenaru, D.N</subfield></datafield><datafield ind1="1" ind2="0" tag="245"><subfield code="a">Most probable cold fission fragments and heavy ion radioactivities</subfield><subfield code="c">D.n. poenaru, m.ivascu, d.mazilu, r.gherghescu, k.depta, w.greiner</subfield></datafield><datafield ind1=" " ind2=" " tag="260"><subfield code="a">Bucharest</subfield><subfield code="b">Central Institute Of Physics</subfield><subfield code="c">1986</subfield></datafield><datafield ind1=" " ind2=" " tag="300"><subfield code="a">192P</subfield></datafield><datafield ind1="1" ind2=" " tag="700"><subfield code="a">Greiner, W</subfield></datafield><datafield ind1=" " ind2=" " tag="852"><subfield code="a">73540</subfield><subfield code="c">539.143.43</subfield></datafield><datafield ind1=" " ind2=" " tag="CAT"><subfield code="a">Sys</subfield><subfield code="c">20120511</subfield><subfield code="h">162015</subfield></datafield></record></collection>